<collection xmlns="http://www.loc.gov/MARC21/slim">
<record>
  <leader>01112nam0a22001931i 450 </leader>
  <controlfield tag="001">IT\ICCU\CNCE\070935</controlfield>
  <controlfield tag="005">20080128000000.0</controlfield>
  <datafield tag="100" ind1=" " ind2=" ">
    <subfield code="a">20070607f1539        0itac0103    ba</subfield>
  </datafield>
  <datafield tag="101" ind1=" " ind2=" ">
    <subfield code="a">ITA</subfield>
  </datafield>
  <datafield tag="102" ind1=" " ind2=" ">
    <subfield code="a">IT</subfield>
  </datafield>
  <datafield tag="200" ind1="1" ind2=" ">
    <subfield code="a">Inamoramento de Tiburtino figliolo de Marcho Cesaro imperador di Roma e di Fiametta. Li quali per amor furon condutti a morte. Opera nuoua</subfield>
  </datafield>
  <datafield tag="210" ind1=" " ind2=" ">
    <subfield code="d">\non dopo il 1539!</subfield>
  </datafield>
  <datafield tag="215" ind1=" " ind2=" ">
    <subfield code="a">\40! c.</subfield>
    <subfield code="d">4ʻ</subfield>
  </datafield>
  <datafield tag="300" ind1=" " ind2=" ">
    <subfield code="a">Per l&apos;autore cfr.: I manoscritti italiani della Biblioteca Nazionale di Firenze. Sezione prima: Codici Magliabechiani. Serie prima: Poesia, I, p. 317. - La data presunta si ricava dall&apos;anno di morte di H. Colon, nella cui raccolta compare questa edizione; cfr.: Catalogo dei libri a stampa in lingua italiana della Biblioteca Colombina di Siviglia. A cura di K. Wagner - M. Carrera, Introduzione</subfield>
  </datafield>
  <datafield tag="700" ind1=" " ind2="1">
    <subfield code="a">Obizzi,</subfield>
    <subfield code="b">Lorenzo : degli</subfield>
    <subfield code="3">IT\ICCU\CNCA\028311</subfield>
  </datafield>
  <datafield tag="712" ind1="0" ind2="2">
    <subfield code="a">s.n.</subfield>
    <subfield code="3">IT\ICCU\CNCT\000002</subfield>
    <subfield code="4">650</subfield>
  </datafield>
  <datafield tag="790" ind1=" " ind2="1">
    <subfield code="a">Obbizzi,</subfield>
    <subfield code="b">Lorenzo</subfield>
    <subfield code="3">IT\ICCU\CNCA\028366</subfield>
    <subfield code="z">Obizzi, Lorenzo : degli</subfield>
  </datafield>
  <datafield tag="790" ind1=" " ind2="1">
    <subfield code="a">Olbizi,</subfield>
    <subfield code="b">Lorenzo</subfield>
    <subfield code="3">IT\ICCU\CNCA\028685</subfield>
    <subfield code="z">Obizzi, Lorenzo : degli</subfield>
  </datafield>
  <datafield tag="801" ind1=" " ind2="3">
    <subfield code="a">IT</subfield>
    <subfield code="b">ICCU</subfield>
    <subfield code="c">20201115</subfield>
  </datafield>
</record>
</collection>
